@article{otd,  
    author = {Guei, Hung and Chen, Lung-Pin and Wu, I-Chen},  
    journal = {IEEE Transactions on Games},   
    title = {Optimistic Temporal Difference Learning for 2048},
    year = {2022},
    volume = {14},
    number = {3},
    pages = {478-487},
    doi = {10.1109/TG.2021.3109887}
}
@article{cbh,
  doi = {10.1145/3337722.3341838},
  url = {https://doi.org/10.1145/3337722.3341838},
  year = {2019},
  month = aug,
  publisher = {{ACM}},
  author = {Iris Kohler and Theresa Migler and Foaad Khosmood},
  title = {Composition of basic heuristics for the game 2048},
  booktitle = {Proceedings of the 14th International Conference on the Foundations of Digital Games}
}
@article{mstd,
  doi = {10.48550/ARXIV.1606.07374},
  url = {https://arxiv.org/abs/1606.07374},
  author = {Yeh,  Kun-Hao and Wu,  I-Chen and Hsueh,  Chu-Hsuan and Chang,  Chia-Chuan and Liang,  Chao-Chin and Chiang,  Han},
  title = {Multi-Stage Temporal Difference Learning for 2048-like Games},
  publisher = {arXiv},
  year = {2016},
  copyright = {arXiv.org perpetual,  non-exclusive license}
}
@article{tdnn,
  doi = {10.1109/cig.2014.6932907},
  url = {https://doi.org/10.1109/cig.2014.6932907},
  year = {2014},
  month = {aug},
  publisher = {IEEE},
  author = {Marcin Szubert and Wojciech Jaskowski},
  title = {Temporal difference learning of N-tuple networks for the game 2048},
  booktitle = {2014 IEEE Conference on Computational Intelligence and Games}
}
